2043 3562
1664 197 1722 261 fx

118 316 346 375 quorum
398 291 621 373 quidem
668 292 844 371 plures
891 301 916 367 ζ
988 291 1228 370 quamvis
1277 313 1307 351 a
1362 289 1620 355 Claffibus
1660 302 1720 362 ὃς

116 379 411 439 Ordinibus
446 376 537 434 seu
603 374 870 433 methodo
939 374 1412 434 Tournefort-iana
1477 378 1724 437 recesse-

113 461 226 518 rint
250 507 266 534 ‚
321 462 378 518 in
433 458 743 519 Generibus
814 473 1002 514 tamen.
1075 460 1188 535 ejus
1263 458 1462 518 affeclae
1546 461 1728 522 fuere.¹

115 540 383 602 Affumsst
448 541 873 599 Tournefortius
919 542 1119 598 Petala
1186 544 1242 599 &
1310 541 1572 602 Fruc‘lum
1598 557 1723 621 'pro

113 626 261 684 notis
284 646 554 705 generum
571 623 937 703 diagnosticiS,
963 644 1064 681 nec
1088 641 1267 702 partes
1289 624 1729 696 alia53affumsere,

115 711 171 770 &
205 708 417 767 easdem
456 710 568 785 ejus
594 705 792 764 affeclae
814 706 931 763 fere
949 727 1142 765 omnes
1167 733 1183 777 3
1213 724 1269 766 at
1297 709 1665 770 Recentiores
1697 732 1731 806 '¹

114 790 300 858 obruti
335 792 490 868 copia
536 812 803 849 novorum
860 809 1140 869 nuperque
1158 791 1496 850 detectorum
1539 815 1731 876 gene--⁴

116 895 239 931 rum
269 921 285 948 ‚
336 877 428 932 has
457 877 632 952 partes
682 871 811 931 solas
856 894 953 949 pro
998 875 1288 953 generibus
1330 876 1581 936 omnibus
1607 877 1731 936 dis-¹

119 957 430 1036 tinguendis
467 979 576 1013 non
607 953 846 1012 fust-{cere
897 955 1285 1015 intellexerunt
1317 1003 1334 1030 ,
1386 981 1446 1016 ac
1486 960 1614 1018 inde
1654 959 1731 1019 ad

117 1040 363 1098 habitum
392 1085 407 1112 ‚
438 1039 745 1114 faciemque
790 1034 1094 1114 plantarum
1123 1059 1138 1114 3
1184 1040 1312 1098 folia
1343 1058 1469 1118 puta
1498 1089 1514 1116 ,
1559 1040 1732 1102 fitum

118 1120 266 1180 floris
299 1167 315 1191 ,
363 1121 572 1179 caulem
599 1167 614 1192 ‚
659 1119 897 1177 radicem
922 1123 1029 1177 ὅτε.
1050 1121 1352 1204 confugere
1378 1123 1484 1181 sese
1514 1129 1727 1185 coactos

121 1204 472 1262 crediderunt
499 1250 515 1276 ,
556 1204 611 1261 id
651 1202 730 1259 est
764 1249 780 1277 ‚
823 1202 1090 1262 recessere
1138 1228 1168 1263 a
1190 1205 1550 1264 fundamento
1579 1209 1728 1266 fruc..

121 1285 437 1344 tificationis
482 1291 557 1367 (7
588 1294 608 1368 )
638 1331 655 1364 ‚
701 1289 756 1343 &
814 1285 880 1343 ad
906 1287 1148 1364 priorem
1174 1289 1480 1349 barbariem
1502 1289 1729 1361 descen-¹

123 1370 343 1428 derunt.

203 1451 374 1531 Quod
466 1471 627 1528 quam
702 1451 847 1510 malo
940 1453 1129 1512 omine
1205 1455 1418 1514 factum*
1465 1505 1483 1533 ,
1564 1451 1735 1520 facile

124 1535 262 1594 effet
293 1535 663 1592 demonstratu
695 1579 709 1605 ‚
747 1532 788 1590 fi
813 1535 959 1593 locus
986 1540 1041 1594 &
1078 1554 1292 1615 tempus
1336 1543 1443 1598 haec
1488 1542 1545 1598 in
1596 1565 1728 1620 prae-

121 1618 260 1677 senti
301 1639 411 1675 non
436 1617 803 1695 prohiberent.
843 1619 1118 1698 Quidquid
1149 1622 1373 1681 demum
1397 1621 1464 1680 fit
1490 1666 1514 1696 ‚
1537 1642 1729 1686 tamen

123 1701 411 1783 agnoscam
455 1717 633 1778 partes
667 1722 779 1757 non
818 1699 1140 1762 sufficientes
1181 1703 1291 1762 effe
1326 1753 1342 1780 ,
1392 1729 1421 1764 a
1460 1707 1727 1768 Tourne-

121 1786 289 1843 fortio
320 1783 606 1860 descriptas
636 1829 651 1857 ‚
693 1801 753 1841 ut
804 1781 844 1840 fi
898 1784 1002 1842 sola
1044 1786 1218 1863 petala
1269 1792 1322 1846 &
1359 1789 1552 1850 fructus
1596 1810 1730 1850 vota

123 1870 209 1926 hic
249 1869 461 1940 ferant,
492 1871 546 1925 &
592 1887 699 1947 ego
734 1888 902 1925 omne
930 1869 1352 1930 fructificationis
1397 1875 1728 1954 mysterium

124 1973 420 2032 negarem,
452 1949 884 2029 respueremque.
933 1952 1037 2011 Sed
1082 1954 1254 2033 quaeso
1294 2001 1309 2028 ‚
1372 1979 1482 2034 quae
1541 1958 1732 2018 docuit

125 2057 360 2113 unquam
384 2034 523 2090 rat-io
548 2079 563 2106 ‚
590 2034 735 2112 quod
754 2057 782 2092 a
820 2032 937 2091 solis
957 2035 1098 2095 hisce
1123 2039 1280 2095 Notae
1306 2035 1412 2096 fint
1438 2043 1681 2116 petendae
1701 2044 1732 2107 ?

130 2140 241 2195 quae
288 2117 477 2175 docuit
524 2138 757 2193 unquam
805 2115 1045 2193 autopfia
1074 2120 1102 2179 ,Ρ
1137 2144 1246 2199 quae
1272 2121 1535 2180 revelatio
1563 2128 1583 2182 ?
1614 2149 1728 2203 quae

126 2222 155 2257 a
186 2202 347 2277 priori
398 2199 487 2256 vel
530 2200 814 2275 posteriori
855 2200 1099 2261 desumta
1160 2223 1484 2287 argumenta
1530 2211 1551 2264 ?
1600 2207 1729 2267 sane

129 2283 287 2341 nulla.
384 2284 782 2340 A11&oriratem
878 2285 1214 2366 agnoscimus
1312 2289 1512 2347 nullam
1626 2290 1730 2349 nifi

130 2363 430 2441 autopsiam
531 2365 695 2422 solam
799 2368 855 2424 in
948 2368 1044 2426 Re
1123 2370 1369 2429 herbaria
1431 2397 1450 2451 ς
1540 2394 1728 2431 nonne

130 2449 284 2505 nobis
313 2464 499 2524 patent
545 2448 710 2528 longe
750 2449 924 2527 plures
960 2453 1017 2508 in
1058 2452 1472 2512 frufflficatione
1499 2472 1675 2532 partes
1702 2462 1727 2514 ἒ

130 2554 224 2588 cur
250 2530 344 2588 illae
385 2529 730 2610 agnoscendae
754 2578 770 2603 ,
807 2532 914 2589 aliae
953 2535 1119 2593 non?
1169 2558 1353 2593 nonne
1395 2538 1540 2594 idem
1566 2584 1579 2610 ‚
1634 2541 1729 2617 qui

130 2615 333 2674 creavit
440 2613 560 2670 istas
626 2660 639 2683 ,
727 2615 930 2671 creavit
1025 2623 1080 2675 &
1150 2619 1376 2697 reliquas
1429 2624 1448 2676 ?
1541 2643 1728 2680 nonne

131 2696 240 2767 aliae
277 2718 418 2775 aeque
461 2696 757 2753 necessaria:
809 2696 927 2755 sunt
976 2719 1151 2774 partes
1196 2703 1249 2757 in
1307 2701 1726 2762 fruffificatione

131 2802 194 2836 ac
227 2801 495 2857 nunquam
524 2779 618 2836 illae
649 2785 665 2836 ?
698 2798 886 2857 patent
924 2783 1075 2842 nobis
1122 2783 1411 2848 CALYC18
1459 2810 1505 2843 1.
1547 2790 1725 2845 Imro-

131 2864 351 2924 lucrum.
387 2884 437 2926 2,
466 2864 695 2940 Spatlm.
752 2885 799 2941 3.
860 2863 1267 2927 Periandziztm.
1307 2891 1361 2945 4.
1409 2874 1724 2927 Amentwn.

141 2960 201 3019 5
229 2946 448 3017 Gluma.
509 2951 561 3016 6,
636 2947 907 3026 Calyptra.
978 2949 1205 3016 Corollae
1276 2977 1329 3038 7.
1408 2953 1596 3020 Tubus
1636 2952 1737 3019 scu.
