2043 3562
1101 170 1106 175 .
1668 118 1740 169 ΜΞ

178 257 181 259 -
218 203 702 297 231Pa'uciffimis
743 203 932 298 quibus
966 207 1119 294 potui
1166 201 1346 271 verbis
1397 202 1547 266 ideas
1597 209 1748 273 meas'

141 314 211 362 ex
249 295 371 365 teffi
397 345 413 373 ,
438 297 691 365 sollicitus
714 298 887 383 magis
909 294 978 357 de
1006 288 1318 377 ponderosis
1344 320 1361 363 5·
1401 313 1562 369 quam
1581 315 1744 372 pom-s

140 320 322 462 pofisv,
364 386 420 446 &
460 381 841 462 eloquentibus
865 378 1148 442 latinitatis
1173 373 1422 441 flosculis.

225 469 320 528 26.
365 469 642 525 Terminis
701 465 883 544 paucis
928 467 1089 522 Artis
1134 457 1250 524 usus
1282 457 1436 532 sum,
1473 480 1579 522 nec
1630 457 1752 529 fere

140 548 256 609 aliis
280 595 296 624 ‚
345 572 505 628 quam
534 551 621 627 qui
651 550 844 628 cuique
870 543 1168 615 notiffimi3
1217 541 1615 620 magnitudinis
1652 567 1750 603 no.

140 649 257 691 tam
283 654 557 712 nunquam
586 678 601 706 ,
637 629 737 690 nisi
774 630 1126 710 respectivam
1173 628 1239 685 ad
1263 627 1494 706 reliquas
1533 647 1747 705 partes,

139 716 390 796 allegavi.
436 715 553 774 Ubi
593 715 759 777 dubia
799 714 1161 776 occurrebant
1192 754 1217 786 ,
1278 712 1449 795 magis
1497 709 1752 774 sollicitus

139 801 222 859 fui
259 800 405 857 vanis
442 799 885 856 altercationibus
909 820 999 856 me
1040 792 1288 874 eripere,
1320 816 1479 874 quam
1518 795 1607 853 hic
1626 795 1753 853 mut,-

140 901 288 942 cere.
321 879 384 940 E.
415 904 493 962 gr.
522 882 637 939 Ubi
668 882 890 939 dubium
915 881 984 937 de
1001 879 1213 960 Calyce
1255 882 1310 936 &1
1365 877 1588 935 Corolla
1623 879 1750 937 fuit.

139 966 456 1026 Secundum
504 986 708 1022 motum
738 965 879 1039 solis
907 959 1169 1020 inflexum
1215 959 1324 1018 effe
1367 958 1567 1017 florem
1590 1003 1613 1033 ,
1663 956 1752 1021 vel

141 1063 336 1107 contra
367 1048 604 1106 eundem
627 1092 642 1119 ‚
676 1068 741 1103 ex
763 1059 1036 1120 conceptu
1083 1043 1237 1123 vulgi
1280 1043 1434 1113 dixi3
1475 1044 1621 1122 quod
1637 1045 1753 1104 aliis

145 1132 343 1190 dicitur
383 1153 413 1188 a
454 1127 674 1187 sinistris
701 1126 1080 1207 dextrorsum3
1104 1125 1191 1185 vel
1209 1141 1417 1183 contra.

227 1234 319 1291 27.
349 1217 573 1291 Species
606 1211 696 1268 sub
726 1211 1016 1292 generibus
1037 1210 1342 1268 militantes
1360 1208 1488 1267 dedi
1508 1210 1565 1268 in
1614 1219 1751 1293 Spe-

145 1296 325 1355 ciebus
354 1298 682 1353 Plantarum
703 1341 718 1366 ‚
762 1294 997 1352 Holmiae
1024 1299 1170 1371 1762
1192 1288 1448 1370 impressi.

228 1392 321 1442 28·
367 1379 615 1438 Partium
642 1375 1068 1436 fructificationis
1113 1372 1495 1433 Definitiones
1520 1375 1577 1433 in
1600 1376 1750 1434 Plaga

145 1463 388 1540 Iosophia
419 1467 697 1521 Botanica
725 1460 1046 1520 evolvantur
1067 1482 1097 1517 a
1126 1458 1429 1540 tyronibus.

231 1566 326 1624 29.
362 1547 531 1621 Usum
553 1546 881 1627 Systematis
923 1542 1138 1620 alicujus
1182 1537 1433 1600 Botanici
1473 1561 1544 1597 ne
1583 1553 1754 1620 tyro-

145 1627 302 1687 nibus
350 1629 570 1706 quidem
613 1627 1004 1686 commendare
1039 1647 1172 1704 opus
1208 1626 1291 1683 est
1321 1671 1336 1699 ‚
1382 1646 1508 1683 cum
1555 1621 1754 1701 absque

144 1732 219 1769 eo
268 1710 411 1770 nulla
444 1713 505 1769 in
560 1711 825 1770 botanicis
882 1711 1045 1768 detur
1109 1708 1401 1766 certitudo,
1465 1708 1757 1764 Introeant

143 1792 370 1852 hortum
415 1793 641 1854 exoticis
669 1795 862 1872 plantis
888 1798 942 1852 δί
967 1793 1259 1872 incognitis
1298 1785 1706 1848 refertiffimum
1731 1824 1756 1863 ,-

148 1897 385 1956 eumque
414 1875 572 1936 fimul
617 1878 959 1937 Bibliotheca
984 1876 1247 1933 Botanica
1287 1875 1498 1952 optima
1518 1872 1757 1930 instruc-

149 1976 271 2019 tum
297 2006 314 2035 ,
364 1961 473 2020 duo
502 1959 696 2022 curiofi
724 2008 741 2036 ‚
769 1962 906 2019 alter
946 1959 1339 2040 Systematicus
1365 2004 1380 2031 ,
1430 1958 1567 2015 alter
1619 1956 1759 2013 Em..

146 2044 390 2124 piricus;
443 2067 566 2102 curn
598 2045 690 2104 ille
731 2044 888 2103 facile
926 2043 1127 2123 redigit
1171 2042 1377 2120 plantas
1402 2061 1467 2097 ex
1513 2038 1656 2098 lectis
1697 2040 1758 2097 in

150 2123 570 2185 fructificatione
615 2128 807 2187 litteris
853 2132 872 2204 (
906 2147 926 2183 1
947 2150 964 2183 1
997 2125 1016 2201 )
1065 2126 1131 2182 ad
1165 2125 1309 2183 suam
1333 2122 1570 2181 Classem
1601 2164 1625 2194 ,
1666 2144 1758 2179 or·

150 2210 341 2267 dinem
365 2257 380 2283 ,
416 2215 469 2268 &
498 2213 686 2271 Genus
708 2259 723 2283 ‚
774 2232 881 2291 quo
909 2209 1037 2267 dato
1087 2231 1260 2286 paucae
1313 2208 1514 2265 restant
1561 2204 1759 2281 species

155 2292 539 2374 distinguendae
566 2318 580 2372 3
611 2312 830 2353 tenetur
857 2293 994 2351 alter
1040 2315 1230 2351 omnes
1256 2289 1511 2350 evolvere
1544 2288 1705 2347 libros
1730 2330 1758 2362 ,

150 2396 347 2434 omnes
373 2377 656 2457 perlegere
699 2377 1085 2454 descriptiones
1127 2424 1144 2448 ,
1213 2379 1267 2433 &
1320 2370 1521 2454 figuras
1565 2394 1758 2429 omnes

151 2458 418 2536 inspicere
465 2459 683 2519 infinito
713 2461 897 2520 labore
922 2482 938 2539 3
965 2481 1066 2518 nec
1106 2459 1175 2516 de
1198 2458 1378 2536 planta
1405 2503 1421 2532 ‚
1456 2453 1555 2513 nifi
1592 2454 1709 2514 casu
1731 2497 1759 2530 ,

152 2559 334 2601 certus
378 2539 493 2600 fiet.

244 2646 334 2704 30.
373 2625 534 2685 Plura
593 2628 792 2703 praefari
841 2624 1169 2704 superfluum
1237 2623 1394 2680 duco,
1453 2620 1763 2680 Rationem

155 2710 216 2767 δε
262 2707 409 2790 leges
437 2712 656 2767 theoriae
705 2713 890 2768 nostrae
915 2712 1005 2788 qui
1044 2705 1313 2766 desiderat
1343 2752 1358 2779 ,
1402 2703 1560 2762 adeat
1607 2708 1762 2763 Fun-

150 2790 409 2850 {lamenta
440 2797 713 2851 Bosana-a
743 2798 796 2852 δέ
821 2795 1225 2869 Philosophiam
1250 2791 1583 2847 Botanicam
1607 2804 1618 2836 :
1644 2790 1765 2865 qui.

156 2897 266 2954 que
299 2876 367 2933 de
415 2877 690 2935 Methodo
718 2879 894 2935 nostra
937 2876 1126 2938 sexuali
1149 2874 1301 2958 plura
1327 2871 1502 2952 velit,
1547 2871 1762 2933 evolvat

164 2958 415 3041 Systema
440 2961 682 3021 nostrum
707 2963 962 3024 Natura.
