2043 3562
1696 229 1735 266 V

128 292 355 380 fuisset,
391 312 447 367 &c
496 329 527 365 a
577 307 807 384 Jofhplzo
833 307 1043 364 Pitono
1091 308 1151 365 T
1146 306 1483 383 ouranortio
1528 307 1594 365 ad
1642 330 1737 365 re-

125 390 275 469 gulas
315 391 700 472 Systematicas
747 410 900 466 puras
942 391 1261 449 enutritum.
1314 388 1736 448 Confirmarunt

125 470 234 529 hoc
272 473 528 552 deinceps
552 489 822 550 quotquot
847 472 1002 530 fuere
1029 474 1084 530 in
1109 491 1233 532 arte
1261 474 1491 531 HeroeS.
1587 472 1593 478 ’

217 559 269 615 8.
303 559 458 614 Dato
490 559 658 615 hocce
699 555 1060 612 funciamento
1109 562 1125 622 (
1156 581 1190 636 7
1219 561 1240 637 )
1271 602 1285 628 ,
1331 558 1502 614 hocce
1541 556 1740 632 pumsto

127 631 279 710 fix0,
320 661 448 697 mox
492 641 550 697 in
594 637 741 695 usum
788 654 1008 696 vertere
1033 685 1048 710 ,
1087 661 1215 697 mox
1248 639 1503 721 Systema
1528 639 1740 696 struere

128 718 494 779 allaborarunt
543 742 737 778 omnes
789 719 930 778 hisce
975 721 1245 780 laboribus
1325 723 1487 800 apti}
1545 741 1745 778 omnes
1799 763 1806 775 i

130 803 354 879 quidem
381 804 582 862 eodem
609 804 793 860 animo
820 849 833 876 ‚
872 808 927 860 &
955 805 1011 860 in
1034 807 1271 862 eundem
1296 802 1468 863 finem
1490 851 1505 878 ,
1543 822 1600 862 at
1626 824 1745 859 non

131 904 323 944 omnes
367 888 568 945 eodem
599 909 723 944 cum
773 884 1023 944 successu.
1076 888 1266 946 Paucis
1311 889 1512 966 quippe
1580 905 1748 944 notus

132 967 235 1025 fuit
280 970 476 1027 Canon
517 968 936 1025 fundamentalis
966 1010 989 1040 ‚
1037 992 1200 1046 quern
1227 967 1267 1025 fi
1294 992 1407 1026 non
1451 970 1748 1027 observant

133 1049 325 1125 atdile3‚
351 1052 494 1109 illico
520 1054 629 1108 ruit
654 1051 825 1126 prima
845 1051 1041 1107 oborta
1064 1053 1394 1129 tempestate
1422 1049 1744 1130 splendidis-

133 1129 330 1191 fimum
352 1133 591 1210 quamvis
614 1129 898 1190 aedificium
939 1155 951 1189 ε
990 1136 1193 1192 Boerlz.
1218 1135 1348 1193 Inst.
1388 1156 1453 1214 3¹
1494 1134 1752 1192 Docent't'

126 1214 528 1295 procedendum
553 1238 587 1272 α
621 1217 960 1291 generalibus
996 1215 1393 1292 adfingularia
1442 1239 1671 1294 quaeque
1722 1257 1752 1290 ,

134 1294 265 1355 dum
308 1304 528 1358 inventa
574 1300 808 1375 explicat
829 1319 851 1365 ,-
881 1319 941 1354 ut
964 1301 1250 1357 Inventori
1282 1346 1298 1373 ‚
1347 1321 1531 1358 contra
1559 1322 1593 1356 a
1621 1296 1750 1370 fitz-

131 1383 410 1456 galat-ibus
475 1379 554 1439 ad
602 1383 871 1456 generalia
920 1379 1154 1439 eundum
1181 1384 1318 1458 fuit.
1366 1381 1754 1441 Affumserunt:

139 1465 291 1521 enim
333 1465 488 1522 Varii
515 1463 742 1522 diversas
774 1481 950 1541 partes
990 1463 1443 1524 Fructificationis,
1466 1487 1565 1543 pro
1600 1465 1749 1541 prin-

136 1547 283 1624 cipio
323 1546 671 1629 systematico
702 1593 717 1620 ,
768 1551 824 1605 &
853 1569 978 1605 cum
1030 1569 1098 1604 eo
1145 1548 1438 1606 secundum
1473 1544 1754 1607 divifionis

138 1628 290 1710 leges
309 1628 622 1689 a'Claffibus
643 1652 738 1706 per
766 1631 1001 1688 Ordines
1028 1630 1426 1690 descenderunt
1456 1631 1524 1690 ad
1545 1630 1749 1708 species

140 1711 305 1791 usque
334 1761 350 1787 ‚
401 1718 457 1772 &
503 1713 879 1794 hypotheticis
906 1735 967 1771 ac
1014 1713 1305 1773 arbitrariis
1332 1717 1428 1774 his
1476 1714 1753 1792 principiis

139 1795 428 1876 fregerunt
461 1799 516 1854 δε
554 1795 921 1854 dilacerarunt
968 1798 1229 1856 naturalia
1276 1795 1396 1875 (6)
1474 1818 1677 1878 genera
1730 1820 1752 1854 ε

141 1897 451 1960 naturaeque
511 1880 624 1937 vim
690 1878 1110 1938 intuleruntze.
1163 1903 1242 1961 gr.
1293 1880 1425 1938 alius
1466 1903 1496 1938 a
1546 1879 1753 1939 Fruc‘ltt

144 1979 310 2043 negat
363 1956 572 2045 genere
606 1963 866 2042 conjungi
904 1963 1052 2040 poffe
1095 1961 1366 2021 Persicam
1417 1967 1472 2020 &
1517 1965 1749 2042 Amyg-

142 2044 362 2117 dalum3
410 2046 539 2103 alius
569 2069 603 2102 α
632 2047 968 2120 regularitate
1012 2049 1332 2104 Pemlorzcm
1378 2062 1546 2126 negat
1572 2044 1753 2102 Vale-

142 2130 348 2186 rianam
375 2133 429 2187 ὃς
461 2127 907 2185 Valerianoidem
936 2131 1046 2188 Kn.
1075 2129 1200 2187 alius
1239 2151 1270 2185 a
1301 2134 1546 2187 Numero
1577 2145 1755 2208 negat

127 2212 345 2285 xLinum
373 2216 429 2270 &
452 2210 744 2269 Radiolam
774 2211 908 2269 Dill.
931 2212 1060 2269 a'1ius
1085 2216 1260 2288 asexu
1288 2231 1456 2292 negat
1484 2213 1746 2270 Urticam

146 2296 525 2376 androgynam
565 2297 619 2351 <Sc
641 2294 877 2351 dioicam
907 2341 922 2366 ,
973 2298 1075 2352 &c.
1103 2317 1307 2376 genere
1336 2297 1480 2352 inter
1513 2293 1566 2351 se
1585 2316 1748 2352 com-

147 2376 319 2433 binari
378 2377 559 2454 poffe3
631 2378 775 2455 quod
808 2374 847 2433 fi
884 2422 899 2449 ,
956 2378 1145 2436 dicunt
1180 2424 1195 2450 ,
1248 2400 1359 2436 non
1415 2378 1571 2435 classe
1608 2399 1748 2434 con-

145 2460 294 2540 jungi
335 2460 549 2535 possunt
576 2503 591 2528 ‚
626 2459 804 2516 multo
835 2461 1013 2518 minus
1046 2483 1249 2541 genere
1284 2482 1298 2535 3
1347 2459 1437 2517 sed
1482 2482 1590 2518 non
1633 2460 1748 2516 ob·-

145 2542 360 2601 servant
387 2542 439 2599 se
495 2542 834 2599 constrixiffe
859 2543 1058 2601 Classes
1101 2542 1509 2622 qualescumque
1535 2589 1549 2615 ‚
1574 2541 1757 2618 ipsum·

148 2648 283 2684 vero
328 2626 654 2683 Creatorem
702 2626 935 2683 Genera.
983 2626 1130 2683 Hinc
1168 2643 1254 2682 tot
1304 2624 1429 2682 falsa
1475 2647 1679 2707 genera
1730 2624 1746 2681 !

149 2726 237 2766 tot
266 2704 647 2766 *controversiae
682 2708 825 2764 inter
869 2707 1162 2767 Arlclores!
1193 2726 1277 2765 tot
1322 2709 1458 2766 mala
1485 2710 1706 2766 nomina
1728 2706 1754 2764 ἲ

151 2809 300 2849 tanta
347 2788 629 2849 confusio!
663 2791 784 2846 Imo
819 2813 886 2848 co
930 2792 1149 2849 tandem
1202 2791 1408 2849 redacta
1453 2794 1530 2850 est
1590 2814 1673 2848 rcs
1724 2835 1742 2861 ‚

152 2891 213 2932 ut
239 2876 448 2953 quotics
492 2876 668 2953 surgat
692 2895 857 2931 novus
884 2872 1253 2952 systematicus
1274 2919 1290 2946 ,
1335 2875 1496 2933 toties
1525 2878 1753 2932 horreat·

152 2958 295 3016 orbis
333 2959 738 3016 Botanicoruni.
787 2960 857 3014 Et
887 2955 1064 3014 messio
1107 2957 1228 3014 sane
1254 2957 1363 3030 ipse
1399 3010 1413 3030 ‚
1455 2981 1585 3015 num
1635 2956 1758 3032 plus·

155 3041 337 3100 damni
376 3041 460 3101 vel
495 3039 857 3101 emolumenti
890 3041 1169 3099 attulerint
1197 3040 1526 3121 systematici
1554 3087 1567 3113 ,
1597 3057 1763 3099 curta

1361 3148 1392 3179 <l
1437 3149 1500 3179 ll?
