2043 3562
466 172 864 225 REGNUM
927 171 1528 224 VEGETABILE
1706 167 1855 247 xvi?-

395 242 725 297 PROPRIUM
751 244 883 291 unius
908 238 1055 288 floris.
1234 240 1237 243 ’
1861 262 1863 264 ·

400 313 732 360 COMMUNE
754 308 958 375 pluribus
969 306 1186 368 flosculis
1206 304 1440 357 seffilibus.

413 380 708 427 UMBELLA
732 378 850 426 inter
882 375 1098 440 calycem
1139 376 1190 424 ὅ(
1214 371 1380 425 florem
1404 412 1420 439 ‚
1457 374 1727 444 elongatum
1761 382 1833 430 in

475 443 765 508 pedunculos
784 458 1011 508 aequatos-

392 507 784 559 'UMBELLULA
813 509 1013 577 partialis
1038 507 1254 558 umbella.

400 579 588 626 CYMA
613 577 814 626 umbella
841 573 1094 642 composita
1132 576 1316 624 ramulis
1339 574 1545 626 alternis.

399 643 639 694 SPADIX
663 647 783 693 intra
809 643 1033 710 Spatham
1060 678 1074 703 ,
1101 644 1357 709 praeprimis
1385 645 1573 694 Palmae·-

247 748 258 753 χ
403 714 635 761 RACHIS
661 711 812 776 Spicae
837 711 1057 777 graminis
1087 743 1101 767 ‚
1143 713 1215 757 cui
1239 708 1377 759 flores
1400 712 1624 778 insculpti.

197 793 282 834 Π.
306 779 650 830 MACHINAE
675 778 967 847 vegetabilis
1004 774 1243 827 substantia
1276 780 1458 827 constat
1479 780 1651 846 duplici
1685 795 1815 834 con-—

461 863 594 894 traria
617 861 628 892 :

327 916 671 963 CORPOREA
713 927 935 971 externa,
993 911 1238 960 includens
1259 944 1276 970 ‚
1319 914 1544 962 nutritiva
1563 948 1580 976 ,
1628 915 1816 965 descen=

409 979 524 1028 dens
556 1017 571 1040 ,
609 980 799 1028 terrenis
827 977 1067 1027 adhaerens
1089 1011 1105 1035 ‚
1142 975 1336 1026 studiose
1380 981 1640 1033 medullam
1663 984 1816 1032 incar·

396 1062 557 1094 cerans
583 1078 598 1103 ,
620 1045 904 1102 duriuscula,
930 1047 1062 1109 apice
1087 1044 1338 1093 tenerrimo
1367 1049 1651 1097 accrescens.

337 1116 605 1167 MEDULA
629 1112 804 1161 interna
826 1147 842 1172 ‚
882 1112 1051 1161 inclusa
1077 1146 1094 1171 ,
1137 1109 1381 1160 vivificans
1407 1145 1422 1170 ,
1469 1113 1556 1161 basi
1585 1116 1821 1180 deliques-

402 1195 513 1227 cens
540 1214 555 1238 ,
579 1180 709 1243 apice
730 1178 1010 1228 adscendens
1028 1217 1043 1241 ‚
1065 1178 1465 1243 multiplicatione
1505 1180 1818 1233 divisibilitate

401 1247 704 1310 terminoque
729 1245 935 1303 infinita,
957 1249 1005 1294 in
1024 1247 1262 1295 creatione
1279 1249 1489 1306 accensa,
1510 1265 1531 1296 a
1557 1251 1817 1313 primordio

409 1311 599 1361 occulte
623 1311 804 1362 festinat
833 1313 1052 1378 lenteque
1074 1314 1233 1362 versus
1264 1314 1504 1363 minimam
1525 1314 1819 1367 refistentiam

410 1379 468 1428 ad
512 1380 738 1429 summum
785 1384 912 1430 suum
957 1383 1167 1441 exitum3
1227 1397 1323 1445 quo
1370 1399 1486 1430 vero
1534 1401 1820 1448 corporeum

408 1445 656 1496 coarctans
677 1447 870 1498 debilius
898 1465 955 1497 eo
980 1446 1171 1496 claustra
1198 1449 1332 1496 citius
1354 1450 1521 1498 reserat
1546 1467 1819 1501 metamor-

382 1510 571 1579 lphofin
594 1514 793 1565 subitura
816 1550 832 1575 ,
869 1532 1064 1581 quaeque
1109 1515 1294 1564 evasura
1337 1514 1425 1565 sese
1464 1535 1571 1567 cum
1615 1535 1820 1584 corpore

405 1581 597 1645 copulat
635 1620 652 1646 ‚
708 1599 756 1632 ut
801 1583 846 1630 in
907 1599 1058 1632 novas
1102 1583 1408 1650 dispergenda
1460 1587 1580 1633 vitas
1617 1587 1817 1638 circulus

400 1665 646 1712 perennet.

201 1721 285 1765 22.
333 1713 793 1766 GERMINATIO
838 1712 890 1764 fit
930 1714 1133 1782 dispersis
1178 1715 1449 1768 Seminibus
1473 1755 1488 1779 ‚
1525 1736 1605 1785 per
1651 1717 1820 1768 Hilum.

251 1808 254 1810 ·
401 1781 754 1836 absorbentibus
800 1800 966 1849 aquarn
987 1821 1002 1846 ,
1041 1783 1160 1834 unde
1215 1801 1490 1851 rumpuntur
1535 1788 1818 1839 membranae

405 1867 430 1897 a
457 1849 624 1901 b=bulis
666 1851 968 1901 tumentibus.
1007 1851 1372 1916 Coiyledom'bus
1394 1854 1671 1903 laetantibus
1697 1854 1819 1903 Cor-

402 1918 567 1967 culum
582 1955 597 1980 ,
620 1920 766 1986 usque
785 1920 897 1967 dum
919 1919 1058 1968 foetus
1077 1917 1334 1983 Rosiellum
1351 1921 1600 1970 Radiculas
1617 1923 1820 1982 exserat,

402 2001 502 2050 quo
539 1989 743 2053 erigatur
787 1986 1018 2034 Plumula
1044 1988 1311 2036 accrescens
1349 1990 1397 2036 in
1438 1988 1644 2040 Her-bam
1662 1992 1768 2038 anni
1795 2026 1813 2054 2

404 2053 706 2102 terminatum
730 2051 934 2102 Gemma
951 2053 1419 2120 supradecornpostta.

205 2123 290 2182 23.
312 2117 725 2172 VEGErATIO
746 2119 798 2169 fit
822 2121 1078 2171 Radiculis
1098 2122 1363 2188 sugentibus
1387 2122 1633 2174 tinfiuram
1656 2141 1818 2190 aquo-

404 2187 498 2235 sam
523 2189 672 2237 Humi
693 2226 710 2251 ,
737 2206 842 2254 quae
869 2224 885 2249 ‚
908 2191 1063 2238 calore
1086 2190 1296 2256 quotidie
1326 2190 1484 2239 addito
1508 2228 1523 2252 ,
1549 2192 1702 2249 lente,
1723 2193 1818 2259 pel·-

407 2254 517 2304 !itur
541 2273 623 2322 per
659 2259 874 2322 corporei
915 2260 1091 2308 externi
1136 2259 1237 2307 vasa
1262 2295 1277 2319 ,
1318 2258 1437 2306 unde
1467 2261 1658 2308 nutritio
1679 2277 1818 2310 exte-

408 2322 545 2370 rioris
606 2323 932 2389 interiorisque
983 2326 1152 2390 plantae
1178 2362 1194 2386 ‚
1241 2323 1485 2374 exhalante
1553 2325 1818 2391 superfluo,

423 2387 606 2437 Cortice
627 2391 890 2458 deponente
912 2392 968 2441 ab
994 2393 1214 2442 interiore
1236 2393 1409 2459 pariete
1438 2393 1630 2442 Librum
1651 2429 1664 2454 ,
1690 2410 1818 2458 quo-

413 2460 564 2505 tannis
606 2453 895 2509 secedentem
927 2462 973 2508 in
998 2458 1290 2510 substantiam
1323 2460 1547 2522 Ligneum
1600 2464 1684 2521 (ex
1721 2463 1819 2509 An-

409 2522 531 2570 nulis
580 2529 814 2575 annotinis
866 2524 1162 2577 interstindtis
1218 2526 1431 2576 Alburno
1457 2565 1472 2588 ,
1523 2528 1710 2576 demum
1760 2528 1816 2576 ab

410 2591 654 2639 emarcidis
723 2594 1016 2642 inferioribus
1059 2596 1195 2642 ramis
1242 2592 1550 2643 suboffificato
1579 2604 1594 2657 )
1640 2592 1819 2643 susten-

398 2667 599 2705 taturam
636 2660 893 2709 Caudicem
929 2662 1282 2711 adscendentem
1307 2695 1323 2722 ,
1351 2664 1467 2711 intra
1498 2661 1630 2727 cujus
1658 2665 1814 2727 apices

409 2722 636 2774 Medulla
656 2728 767 2777 viva
786 2745 1021 2794 properat.
1050 2729 1128 2804 (Ἴ

258 2844 335 2897 (“>
368 2843 1324 2943 restaurem

364 2954 414 2993 In
436 2912 619 2996 decgrsu
645 2918 1144 3007 fifllcntelizzisli'mirlcirlnglrilis
1161 2962 1208 3012 se
1236 2966 1461 3019 dtfivenfizt;
1800 2979 1832 3015 Ι

360 3009 411 3053 1η
427 3011 549 3067 exitu
566 3015 619 3060 ad
634 3016 784 3059 ruzziam
801 3025 880 3063 τοτα
904 3018 1045 3071 ‘'nm-tu
1064 3019 1177 3069 renis.
1321 3073 1350 3122 s

1364 3087 1391 3118 Ε
1414 3091 1444 3123 Ν
1469 3088 1494 3119 Ε
1511 3089 1537 3117 Γ,
1558 3094 1607 3128 Α,

1512 3133 1544 3188 la.
