2043 3562
266 206 322 246 3V

270 298 298 367 (
330 312 381 351 2.
409 293 463 354 6.
493 290 614 372 )11is
636 287 801 365 fenim
845 286 1218 349 vacillantibus
1254 282 1503 347 vacillant
1541 291 1598 350 δε
1634 284 1880 351 Nomina

273 396 338 434 ac
372 397 470 454 per
496 374 826 452 consequens
878 372 1142 431 Doctrina
1169 371 1421 430 Botanici
1462 374 1530 456 (3
1557 376 1581 453 )

365 483 416 535 5.
445 461 672 535 Species
706 472 792 512 tot
810 454 927 512 sunt
962 500 979 527 ,
1026 470 1162 532 quot
1202 452 1436 511 diversas
1472 459 1529 512 &
1573 453 1885 514 constantes

273 544 479 601 formas
514 541 570 596 in
613 541 717 595 hoc
753 536 919 617 globo
956 537 1206 614 produxit
1242 533 1531 613 Infinitum
1578 540 1733 609 Ens;
1772 555 1883 611 quae

272 626 462 683 formae
512 620 806 679 secundum
851 620 1221 699 generationis
1246 619 1441 677 inditas
1480 619 1629 700 leges
1671 616 1884 695 produ-

270 721 410 766 cunt
435 703 613 781 plures
643 750 658 777 ‚
698 699 797 760 fibi
849 700 1049 762 ssmiles
1093 749 1109 776 ‚
1159 724 1322 781 quam
1364 724 1474 780 quae
1508 703 1678 765 fuere,
1732 700 1886 780 Ergo

272 788 502 865 Species
528 803 614 844 tot
639 785 793 858 sunt,
840 801 975 863 quot
1016 785 1231 843 diversa:
1285 786 1471 843 formae
1498 784 1589 843 seu
1621 784 1886 843 strueurae

275 872 600 932 Plantarum
642 915 657 942 ,
736 868 944 943 rejeffis
1004 868 1114 925 istis
1140 912 1156 939 ‚
1212 889 1338 945 quas
1382 867 1530 926 locus
1589 868 1675 926 vel
1741 864 1887 923 casus

263 976 470 1035 {parum
496 950 862 1027 differentes(
896 954 962 1012 V
952 953 1248 1028 arietares)
1275 948 1537 1025 exhibuit,
1566 951 1729 1008 hodie
1752 969 1889 1006 num

276 1052 594 1096 occurrunt.

367 1121 422 1177 6.
454 1121 669 1179 Genera
718 1133 904 1177 autem
949 1132 1035 1175 tot
1066 1115 1189 1175 sunt
1222 1162 1238 1189 ‚
1289 1131 1423 1196 quot
1445 1115 1705 1175 attributa
1727 1133 1888 1171 com-

274 1203 469 1260 munia
504 1204 752 1281 proxima
772 1201 1138 1258 distinctarum
1179 1199 1480 1277 specierum
1512 1199 1632 1279 (4)
1687 1196 1886 1254 secun-

277 1285 418 1342 dum
454 1308 564 1363 quae
609 1285 666 1341 in
713 1284 1014 1362 primordio
1086 1298 1268 1340 creata
1320 1284 1520 1340 fuere:
1560 1279 1891 1341 confirmant

275 1368 392 1427 lxaec
418 1368 660 1428 revelata
680 1412 698 1443 ‚
741 1369 965 1426 inventa
994 1412 1010 1441 ,
1057 1364 1354 1424 observata.
1381 1367 1543 1424 Hinc.

483 1523 731 1592 Omnia
785 1521 1037 1590 Genera
1097 1517 1424 1588 naturalia
1461 1525 1643 1604 fitnt.

281 1687 428 1746 Non
473 1685 623 1743 enim
679 1684 811 1742 licet
872 1684 1209 1765 conjungere
1262 1681 1359 1742 sub
1429 1683 1625 1741 eodem
1688 1703 1894 1764 genere

281 1768 512 1847 Equum
547 1772 603 1827 &
639 1768 807 1827 Suem
865 1792 878 1825 :
935 1767 1066 1824 licet
1103 1769 1267 1825 ambae
1311 1765 1511 1843 species
1554 1765 1896 1847 monungulae

278 1852 521 1921 *effent3
576 1873 680 1909 nec
740 1849 1069 1928 Capreolum
1110 1896 1127 1923 ‚
1181 1848 1550 1930 Rangiferum
1596 1853 1652 1908 &
1716 1851 1898 1908 Alcen

282 1955 498 2014 genere
524 1933 855 2014 distinguere
880 1980 895 2006 ‚
932 1933 1061 1991 licet
1092 1954 1358 1991 cornuum
1399 1928 1574 2012 figura
1600 1929 1898 2007 differant,

287 2020 578 2076 Generum
620 2019 805 2095 itaque
852 2016 1054 2075 limites
1094 2032 1306 2074 attenta
1349 2018 1404 2073 &
1445 2015 1622 2074 sedula
1655 2016 1899 2074 observa-

287 2102 447 2157 tione
486 2101 761 2178 inquirere
822 2100 1085 2157 debemus
1113 2145 1130 2174 ,
1178 2121 1302 2157 cum
1347 2120 1378 2156 a
1424 2100 1588 2175 priori
1638 2096 1901 2156 difficilius

292 2183 737 2242 determinentur
772 2229 788 2256 ‚
830 2183 961 2240 licet
1005 2185 1109 2239 hoc
1157 2205 1290 2260 opus
1315 2234 1334 2262 ‚
1369 2181 1457 2239 hic
1517 2182 1653 2240 effet
1697 2180 1849 2239 labor
1877 2226 1898 2251 ‚

290 2286 423 2323 nam
477 2265 708 2345 conficfis
750 2269 1031 2342 generibus
1061 2271 1248 2324 omnia
1304 2263 1566 2342 confundi
1596 2265 1790 2342 neceffi?
1815 2262 1902 2340 est.

292 2348 518 2426 caesasp,

380 2454 437 2512 7.
461 2434 515 2489 A
544 2431 977 2508 Fruc‘Zr'fz'catione
1006 2429 1210 2507 plantas
1228 2429 1559 2511 distinguere
1604 2432 1661 2490 in
1695 2451 1904 2512 genere

300 2516 414 2595 (6)
456 2511 694 2572 Infinitae
738 2514 1022 2594 Sapientiae
1066 2512 1316 2590 placuisse
1368 2513 1577 2571 detexit
1639 2514 1905 2591 posterior

297 2614 424 2656 aetas
452 2643 467 2669 ,
520 2603 574 2655 &
628 2597 848 2676 quidem
896 2596 1095 2673 primus
1124 2642 1139 2670 ‚
1174 2594 1333 2653 seculi
1354 2595 1430 2654 sui
1457 2598 1906 2670 Ornamentum,

292 2683 600 2738 ‘Conradus
645 2681 912 2756 Gesnerus
943 2725 958 2752 ,
1023 2679 1104 2736 uti
1143 2695 1293 2755 patet
1337 2702 1402 2737 ex
1456 2677 1708 2755 Epistolis
1793 2680 1909 2756 ejus

299 2762 602 2841 posthumis
650 2808 666 2835 ‚
714 2786 778 2820 ex
844 2760 1038 2820 tabulis
1108 2783 1203 2837 per
1273 2760 1652 2820 Camerarium
1728 2762 1907 2821 editis.

300 2845 574 2920 Quamvis
616 2847 855 2921 primus,
910 2844 1001 2921 qui
1039 2843 1309 2902 summum
1360 2847 1464 2901 hoc
1510 2844 1795 2903 inventum
1847 2845 1908 2905 in

302 2927 460 2985 usum
499 2926 725 2984 deduxit
753 2969 777 3000 ,
823 2924 1109 2986 Atzdroeczs
1138 2928 1478 3003 Caesalpinus
1501 2928 1620 2986 fuit.
1646 2930 1725 2986 At
1752 2928 1906 3004 expi-

307 3010 472 3070 taffet
505 3031 636 3070 mox
662 3056 679 3089 ,
724 3007 823 3073 nifi
849 3012 1080 3071 Roberti
1124 3008 1401 3089 Morisoni
1428 3030 1557 3069 cura
1592 3009 1911 3071 rescitatum
