2043 3562
1702 176 1777 238 Vl}

174 268 474 330 secundum
489 263 635 326 suam
664 259 1003 341 Methodum
1026 254 1221 340 singuli
1247 275 1262 334 3
1285 253 1532 316 dividant
1555 256 1792 320 Genera

173 356 285 413 haec
332 354 389 411 in
434 351 672 412 Ordines
708 351 764 406 δε
806 344 1054 421 Claffe53
1098 340 1417 420 Caesalpinus
1443 385 1460 414 ‚
1504 343 1781 400 Herman-

174 457 310 508 nuS‚
364 436 574 513 Rajus,
618 434 811 492 Knaut
855 450 907 507 p.
961 448 1006 485 a.
1062 426 1261 486 Fruilu
1289 470 1306 499 ‚
1353 424 1782 484 Tournefortius

174 540 209 579 a
234 519 422 597 figura
469 516 736 586 Corollae3
773 513 1010 572 Rivinus
1038 532 1068 568 a
1114 530 1334 570 numero
1377 508 1428 569 ἃ
1468 508 1787 585 aequalirate

168 602 501 662 ..Petalorum
546 619 563 676 3
630 595 860 679 Magnol
929 617 959 652 a
1024 596 1215 677 Calyce
1259 637 1277 666 ,
1345 593 1403 649 &
1480 590 1564 648 nil
1631 611 1785 649 noxae-

176 684 431 744 adferent
498 684 577 740 hae
650 678 897 740 methodi
963 698 1157 736 omnes
1197 700 1209 734 ε
1249 675 1359 735 Sed
1424 690 1619 732 contra
1644 716 1662 748 ,
1738 671 1786 732 fi

129 766 132 769 ’
179 768 324 827 bene
359 766 641 826 elaborata:
670 785 685 843 3
735 764 999 822 summam
1031 763 1328 824 utilitatem
1353 803 1371 832 ‚
1427 756 1558 815 dum
1591 756 1788 816 videre

179 849 352 924 licet,
398 865 662 930 quantum
717 850 825 906 haec
861 846 949 904 illa
997 867 1116 922 pars
1160 837 1585 901 fruffificationis
1641 862 1787 898 con-

183 930 415 992 fiderata
442 932 622 992 valeat
646 932 703 989 in
745 933 823 988 his
857 928 945 987 vel
981 928 1083 985 illis
1123 925 1383 985 Claffibus
1408 922 1792 984 NaturalibuS.'

182 1019 389 1078 Parum,
426 1015 598 1073 refert
622 1059 639 1087 ‚
681 1034 784 1092 qua
823 1009 1090 1068 methodo
1138 1008 1360 1088 potestis
1402 1009 1689 1084 pervenire
1716 1006 1789 1067 ad

184 1120 390 1181 genera
424 1096 680 1156 facillima
719 1095 828 1153 via.
870 1094 980 1152 Ista
1011 1091 1227 1170 reliquis
1266 1090 1600 1170 praeferenda
1636 1090 1717 1150 est
1761 1113 1793 1167 ,·

181 1192 308 1260 quae'
335 1181 560 1238 certiori
605 1180 830 1237 tramite
855 1176 1091 1235 securius
1132 1175 1199 1233 ad
1237 1195 1302 1233 ea
1330 1173 1518 1250 ducit3
1564 1195 1789 1253 quaeque

183 1264 424 1322 maxime
465 1261 770 1323 universalis
813 1261 892 1319 est
920 1286 936 1331 3
966 1260 1054 1319 vix
1078 1259 1227 1319 enim
1271 1256 1437 1316 credo
1480 1255 1616 1316 ullos
1642 1257 1792 1315 facili

180 1347 321 1405 adeo
370 1361 526 1406 natos
606 1344 718 1404 effe
783 1343 1053 1404 memoria
1081 1389 1098 1417 ,
1139 1360 1200 1402 ut
1247 1339 1445 1420 absque
1488 1337 1792 1421 systemate

181 1451 389 1511 genera
425 1447 618 1489 tenere
682 1445 899 1507 queant.
954 1427 1255 1485 Methodus
1310 1426 1496 1502 itaque
1544 1425 1655 1482 erit
1692 1423 1794 1482 viae

185 1514 288 1572 dux
311 1535 326 1587 ;
354 1511 592 1573 Ordines
608 1514 756 1571 enim
779 1511 898 1570 sunt
922 1509 1127 1569 Classes
1164 1507 1475 1570 subalterna
1500 1530 1511 1564 :
1542 1511 1598 1566 &
1618 1528 1792 1586 pauca

183 1598 520 1678 distinguere
540 1596 744 1655 facilius
787 1594 896 1657 effe
923 1640 940 1669 ‚
977 1616 1141 1675 quam
1189 1593 1421 1664 omnia,
1467 1590 1639 1650 nullus
1664 1587 1794 1648 infi-

185 1682 293 1739 cias
367 1681 488 1739 ibit.
547 1682 682 1739 Non
726 1679 946 1759 quidem
995 1699 1144 1760 nego
1204 1695 1349 1755 aeque
1406 1673 1521 1732 dari
1575 1672 1788 1734 Classes

187 1763 457 1822 naturales
497 1785 558 1821 ac
594 1764 815 1822 Genera
846 1762 1108 1822 naturalia
1136 1785 1155 1842 ;
1200 1781 1313 1818 non
1336 1777 1481 1839 nego
1510 1759 1637 1835 quin
1661 1779 1790 1815 me·-

187 1848 385 1905 thodus
427 1846 680 1905 naturalis
720 1852 774 1906 &
814 1846 1005 1906 nostra:
1044 1848 1101 1904 &
1139 1844 1390 1902 omnium
1436 1844 1794 1900 inventarum

185 1930 464 1988 methodis
502 1930 668 2011 longe
712 1932 946 2009 praeferri
989 1929 1221 1987 deberet
1248 1974 1264 2000 ,
1309 1924 1400 1983 sed
1420 1924 1574 1983 rideo
1594 1945 1821 1984 omnes.

188 2013 478 2072 methodos
515 2016 781 2073 naturales
812 2017 1063 2074 haetenus
1098 2012 1416 2070 exclamatas
1446 2055 1464 2083 ,
1512 2012 1568 2067 &
1610 2011 1670 2066 in
1696 2028 1794 2066 me

188 2093 567 2155 defensionem
609 2114 934 2175 provocatus
971 2096 1193 2174 suscipio
1221 2137 1243 2169 ,
1284 2092 1430 2172 quod
1474 2091 1618 2150 nulla
1648 2138 1666 2166 ,
1716 2111 1794 2150 ne

188 2181 347 2238 unica
393 2177 559 2238 claffis
583 2226 598 2254 ‚
635 2198 795 2239 antea
820 2182 943 2238 data
967 2226 983 2254 ‚
1021 2181 1078 2238 in
1100 2178 1211 2236 ullo
1254 2177 1551 2258 systemate
1576 2222 1591 2249 ,
1622 2190 1790 2234 natu-

191 2263 312 2322 ralis
355 2259 423 2319 fit
448 2308 462 2334 ,
507 2265 761 2341 quamdiu
803 2264 901 2321 ista
936 2285 1140 2344 genera
1175 2262 1367 2340 istique
1411 2261 1741 2318 cliara&eres
1767 2275 1797 2333 ,'

192 2348 284 2424 qui
305 2348 412 2422 jam
442 2347 561 2405 sunt
594 2393 610 2420 ,
657 2346 750 2406 sub
777 2346 966 2405 iisdem
996 2348 1251 2406 militant.
1297 2340 1480 2402 Facile
1507 2343 1586 2400 est
1616 2342 1790 2399 maxi-

193 2451 341 2486 marn
386 2446 642 2487 notorum
697 2452 965 2512 generum
1020 2447 1231 2508 partem
1297 2427 1363 2485 ad
1424 2425 1536 2484 suas
1605 2423 1791 2484 classes

193 2511 458 2569 naturales
490 2513 780 2572 amandare
807 2565 823 2593 ‚
867 2531 922 2571 at
969 2535 1038 2572 eo
1078 2510 1339 2571 difficilius
1385 2508 1608 2586 reliqua.
1663 2509 1790 2567 Nec

193 2596 404 2671 sperare
440 2594 515 2652 fas
541 2596 620 2653 est
650 2642 664 2668 ,
706 2597 850 2674 quod
878 2596 1057 2654 nostra
1083 2613 1203 2655 aetas
1231 2593 1486 2675 Systema
1514 2591 1790 2670 quoddam

194 2676 461 2737 Naturale
487 2679 675 2736 videre
700 2695 898 2757 queat,
944 2683 998 2737 &
1033 2680 1122 2738 vix
1161 2678 1261 2736 seri
1307 2678 1575 2754 Nepotes.
1618 2676 1792 2733 Atta·-

194 2783 324 2818 men
369 2760 571 2836 plantes
637 2762 784 2820 nosse
865 2761 1138 2821 studemus
1182 2784 1196 2836 ;
1268 2762 1500 2838 ideoque
1562 2759 1787 2816 interim

194 2842 524 2905 Artificialcs
565 2845 883 2904 assumenda:
926 2845 1045 2905 sunt
1090 2844 1292 2904 Classes
1323 2849 1377 2903 &
1413 2842 1788 2900 Succedaneae.

201 2926 398 3006 Claffis
424 2931 723 2993 Naturales
768 2929 1020 2991 omnibus
1087 2930 1424 3001 arriderent,
1468 2926 1635 2984 modo
1676 2927 1790 3006 quis

1413 3032 1446 3069 a
1477 3032 1532 3069 ιν
