2043 3562
1640 163 1731 246 xiii

291 269 412 335 neri
454 268 510 335 &⁵
547 267 783 355 intelligi
818 284 840 348 ζ
903 291 966 330 ac
1011 268 1143 330 dum
1193 268 1284 329 sub
1334 261 1426 328 sua
1469 266 1735 329 militabat

293 357 473 427 claffe,

212 449 266 511 ὃ,
292 440 562 517 Exprimit
588 437 821 495 eandem
862 436 1044 494 ideam
1070 477 1086 507 ‚
1142 431 1185 490 fi
1210 433 1297 492 vel
1346 435 1570 493 nomina
1603 433 1737 492 mila-

287 524 384 581 lies
412 537 779 580 mutarentur.

220 633 264 668 ε.
308 606 496 665 Plures
554 603 705 662 vides
749 619 902 660 notas
938 647 954 674 ,
1009 620 1171 680 quam
1207 600 1395 678 quibus
1444 598 1743 658 necessario

297 688 364 747 ab
392 689 506 745 aliis
539 687 793 764 distingui
839 684 1007 742 debet
1057 682 1348 758 subjefium
1406 685 1597 742 Genus
1624 707 1637 739 ε
1666 686 1744 740 hae

312 768 646 828 confirmant
691 769 780 826 Te
833 784 1047 825 certum
1090 765 1293 824 habere
1337 768 1526 826 Genus
1567 806 1583 839 -‚
1640 787 1745 824 nec

299 852 464 911 aliud.
513 853 603 910 An
648 867 785 908 notae
812 850 992 928 aliquae
1025 847 1298 927 superfluae
1327 846 1462 922 fint,
1496 845 1747 907 fiomnia

298 937 513 994 detecla
563 932 737 991 effent
804 935 1025 991 Genera
1074 977 1092 1005 ,
1153 932 1294 990 serus
1346 932 1748 991 determinabit

303 1019 435 1076 dies.

219 1114 305 1164 19.
357 1105 540 1159 Notas
587 1097 642 1153 in
695 1095 1054 1155 describendo
1095 1092 1329 1176 fingulas
1355 1110 1531 1172 partes
1556 1096 1747 1155 fruffi-

137 1179 409 1240 ficationis
434 1179 602 1261 selegi
644 1184 893 1237 certas&
941 1178 1110 1237 reales
1138 1219 1163 1251 ,
1207 1194 1509 1259 nec'vagas
1551 1179 1638 1236 vel
1663 1179 1751 1238 lu-

140 1263 327 1323 bricas.
377 1261 690 1322 Affumsere
733 1261 822 1320 alii
881 1261 1011 1340 saepe
1067 1261 1312 1338 saporem
1361 1301 1377 1334 ‚
1444 1261 1678 1320 odorem
1730 1308 1753 1335 ,

137 1346 386 1405 colorem
429 1392 446 1420 ‚
520 1346 960 1425 magnitudinem
1007 1344 1031 1422 (
1077 1343 1275 1423 absque
1316 1345 1669 1422 proportione
1706 1344 1758 1423 ),

141 1429 260 1488 Has
293 1430 432 1508 apud
475 1449 567 1486 me
615 1429 870 1510 allegatas
915 1449 1189 1506 nunquam
1216 1425 1458 1501 videbis,
1496 1426 1586 1484 sed
1627 1445 1758 1486 tan-

145 1526 265 1569 tum
288 1529 518 1591 quatuor
538 1512 635 1569 ista
659 1529 807 1570 certa
827 1515 882 1569 &
927 1509 1086 1568 firma
1113 1511 1374 1588 principia
1396 1513 1709 1569 mechanica
1736 1534 1756 1568 τ

144 1599 454 1654 Numerum
501 1640 516 1666 ,
572 1597 838 1670 Figuram
868 1639 884 1667 ,
951 1598 1145 1653 Situm
1208 1597 1263 1651 &3
1309 1598 1759 1670 Proportz‘onem.

143 1677 273 1736 Haec
326 1697 555 1756 quatuor
589 1678 875 1735 Attributa
905 1724 919 1749 ,
959 1699 1084 1734 cum
1133 1677 1355 1736 Litteris
1409 1676 1521 1735 istis
1561 1678 1762 1757 viginti

147 1758 236 1818 sex
283 1763 415 1840 (11)
452 1760 789 1841 distinguunt
833 1762 1059 1818 Genera
1095 1759 1234 1817 adeo
1299 1776 1451 1816 certe
1484 1781 1516 1817 a
1559 1759 1611 1816 se
1667 1760 1762 1816 in·-

148 1844 327 1901 vicem
354 1885 378 1915 ,
424 1860 485 1902 ut
522 1864 594 1900 ne
633 1843 759 1921 quid
801 1842 995 1920 supra';
1043 1864 1154 1900 non
1200 1840 1467 1900 deficiunt
1491 1859 1631 1900 notae
1657 1864 1760 1920 pro

149 1924 439 2006 generibus
480 1924 908 1985 determinandis
938 1972 953 1998 ,
1013 1925 1157 1984 hisce
1204 1924 1323 1984 solis
1363 1922 1762 1995 confideratis3

150 2009 242 2065 sed
278 2006 550 2086 superflua:
598 2010 785 2067 forent
850 2008 1061 2087 reliquae
1088 2055 1103 2081 ,
1151 2030 1254 2065 nec
1316 2011 1470 2091 cogit
1516 2009 1620 2066 ulla
1660 2030 1763 2066 ne-

150 2089 359 2151 ceffitas
385 2092 450 2149 ad
483 2091 729 2150 habitum
757 2093 1060 2172 plantarum
1094 2093 1394 2176 confugere
1422 2138 1438 2166 ‚
1467 2094 1557 2169 qui
1580 2109 1761 2151 mutus

151 2175 250 2232 est.

248 2277 348 2315 2o.
396 2260 462 2316 In
507 2259 810 2316 chara&ere
855 2259 1117 2336 ejusmodi
1206 2256 1552 2318 conficiendo
1614 2261 1765 2320 assu-4

157 2341 365 2397 mendae
404 2340 526 2397 sunt
571 2363 762 2400 omnes
811 2342 1029 2399 detrec&
1102 2341 1361 2419 Specie53
1422 2347 1580 2401 Notae
1627 2366 1766 2422 qua-⁶

157 2438 284 2479 tuor
328 2423 461 2499 (19)
502 2425 556 2479 in
600 2425 850 2482 omnibus
891 2426 1125 2501 partibus
1146 2421 1567 2485 fruffificationis
1594 2428 1764 2485 obviae

159 2505 331 2583 probe
380 2504 499 2562 sunt
544 2506 900 2564 describendae
930 2554 944 2579 ,
1009 2531 1227 2585 quaeque
1274 2530 1383 2564 non
1431 2512 1769 2567 conveniunt

160 2587 459 2663 Speciebus
498 2591 748 2647 omnibus
813 2590 1195 2662 excludendae,
1252 2594 1305 2649 &
1373 2597 1767 2653 convenientes

159 2668 277 2727 solae
322 2672 633 2729 retinendae.
700 2671 952 2750 Cumque
1004 2695 1110 2729 non
1167 2675 1260 2729 uni
1328 2673 1488 2732 detur
1553 2678 1766 2734 homini

162 2773 358 2811 omnes
397 2756 581 2812 videre
609 2754 805 2831 specics
837 2798 856 2827 ,
884 2756 1052 2813 debet
1076 2755 1162 2812 ille
1191 2802 1205 2827 ‚
1256 2758 1342 2834 qui
1370 2758 1547 2837 plures
1570 2761 1724 2817 videt
1746 2806 1768 2833 ‚

163 2836 426 2913 notasque
459 2840 511 2894 in
549 2839 656 2896 istis
699 2835 1015 2896 differentes
1061 2839 1309 2897 observat
1335 2886 1350 2912 ,
1399 2843 1491 2898 has
1535 2844 1589 2898 in
1628 2845 1767 2900 cha..

166 2921 687 3061 Baclerelebxcludere
715 2968 732 2996 ,
767 2938 825 2979 ut
864 2923 1087 2982 tandem
1129 2924 1340 2984 Posteri
1386 2922 1659 2984 absolutos
1681 2926 1766 2984 vi·-

209 3018 332 3059 eant
389 3025 416 3060 a
458 3025 593 3061 ores,
