2043 3562
219 223 237 259 i

220 221 409 339 clarere
446 270 700 354 possimus
729 317 745 345 ‚
793 269 836 330 fi
877 271 1051 331 modo
1103 293 1312 332 novum
1353 275 1459 334 hoc
1516 269 1833 334 Plantarum

222 360 480 444 Systema
528 360 706 435 pretio
737 357 881 414 haud
927 379 1135 439 magno
1177 358 1311 417 Tibi
1343 379 1531 436 parare
1584 378 1695 413 non
1732 355 1836 414 dis-

225 447 446 525 pliceat.
501 440 851 499 Monendum
921 462 1053 497 vero
1106 441 1186 497 est
1236 486 1254 512 ,
1326 462 1413 499 eas
1462 440 1666 519 plantas
1697 460 1728 496 a
1781 440 1839 499 b.

224 530 502 587 L1NNEO
551 546 654 583 nec
718 521 848 580 visas
877 568 892 594 ‚
938 543 1040 580 nec
1109 522 1261 580 ullibi
1331 523 1621 601 descriptas
1650 569 1667 596 ,
1711 522 1838 580 huic

225 612 431 670 iterum
477 607 632 664 fuiffe
699 605 955 677 omissas,
1009 629 1173 683 quum
1207 606 1276 663 de
1323 608 1403 664 his
1444 606 1551 665 alio
1597 605 1720 662 loco
1779 607 1840 661 ὅ(

230 710 487 769 tempore
529 690 717 747 dicere
767 685 837 746 fit
895 690 1121 746 animus.
1165 689 1292 746 Hoc
1350 706 1538 746 tamen
1581 688 1725 769 egi,
1779 703 1844 745 ut

234 792 427 856 praeter
475 771 784 853 synonyma
817 791 848 827 a
897 772 947 826 b.
998 771 1274 829 LINNEO
1335 771 1574 828 adhibita
1606 816 1622 843 ,
1668 791 1843 846 nupe-

234 857 425 927 rorum
493 855 666 913 adhuc
712 852 1143 910 Botannicorum
1171 855 1483 932 synonyma
1538 851 1606 909 ad
1651 851 1848 929 plantae

237 939 620 1021 cognitionem
661 935 791 1013 saepe
845 933 1067 1012 pulchre
1094 934 1353 993 facientia
1382 931 1570 1011 paffim
1600 935 1846 994 adduxe-

238 1025 368 1087 rim.
417 1021 569 1082 Dein
601 1040 790 1097 paucas
829 1038 1045 1095 quoque
1071 1017 1197 1075 hinc
1242 1017 1372 1074 inde
1422 1016 1849 1092 adnotationes,

225 1106 316 1176 *ab
383 1104 494 1163 aliis
562 1100 868 1162 Autoribus
936 1116 1207 1158 mutuatas
1285 1099 1488 1157 addidi.
1557 1100 1658 1157 His
1715 1121 1851 1157 vero

241 1187 500 1247 omnibus
536 1185 778 1246 litteram
805 1183 884 1241 R.
931 1179 1094 1241 adfixi
1120 1227 1138 1256 ‚
1173 1203 1244 1239 ne
1265 1181 1377 1242 aliis
1405 1183 1809 1259 imputarentur
1830 1227 1853 1256 ‚

242 1268 285 1328 fi
327 1270 454 1348 quid
497 1269 607 1327 istis
648 1264 776 1325 infit
826 1266 1040 1323 erroris.
1110 1266 1377 1344 Denique
1443 1265 1620 1342 plures
1690 1266 1854 1324 citavi

243 1369 461 1412 autores
487 1397 504 1424 ‚
537 1375 567 1409 a
594 1351 646 1409 b.
693 1351 965 1408 LINNEO
1020 1349 1265 1407 nondum
1309 1347 1574 1428 allegatos
1603 1393 1620 1422 ‚
1656 1363 1856 1426 utpote

243 1437 336 1513 qui
377 1451 472 1494 aut
511 1433 709 1510 aliquid
736 1447 1048 1490 memoratu
1080 1432 1232 1512 digni
1281 1431 1350 1488 de
1393 1430 1576 1508 planta
1597 1432 1860 1492 exhibent

241 1534 338 1578 aut
357 1540 483 1578 eam
508 1515 819 1576 describunt
840 1561 859 1591 ‚
907 1530 1002 1573 aut
1023 1515 1184 1573 icone
1220 1512 1503 1574 illustrant.

333 1684 535 1744 Restat
554 1728 571 1756 ,
602 1697 663 1741 ut
691 1680 837 1741 varia
877 1678 1049 1736 adhuc
1090 1675 1246 1759 figna
1277 1723 1293 1752 ,
1337 1678 1515 1757 saepius
1537 1678 1696 1739 obvia
1724 1678 1858 1738 bre-

253 1767 396 1828 viter
427 1767 601 1824 adhuc
642 1766 1086 1839 interpretemur.
1130 1762 1363 1844 Signum
1410 1766 1450 1842 †
1476 1762 1664 1840 plantae
1689 1764 1864 1842 adpo-

254 1851 441 1923 nitur,
490 1846 531 1905 fi
578 1869 689 1905 non
730 1842 1054 1904 sufficienter
1097 1845 1184 1903 vel
1220 1867 1285 1903 ex
1329 1845 1627 1923 specimine
1650 1848 1863 1925 imper-

255 1933 398 1990 fecto
443 1931 610 1989 fuerit
658 1930 979 1987 examinata.
1021 1927 1138 1986 Ubi
1186 1931 1292 1986 hoc
1341 1925 1556 2010 fignum
1596 1930 1628 1958 *
1670 1931 1864 1990 videre

254 2015 379 2087 est,
431 2014 507 2072 ibi
553 2013 743 2091 plantae
788 2011 1020 2069 habetur
1083 2010 1394 2089 descriptio,
1442 2013 1676 2091 Signum
1732 2035 1865 2071 vero

260 2102 310 2160 ’ἦ
362 2096 567 2173 plantas
593 2099 926 2173 fruticantes
954 2134 979 2166 ,
1025 2097 1092 2157 29<
1132 2117 1393 2171 perennes
1421 2139 1442 2171 ‚
1490 2097 1548 2155 οἣ
1590 2098 1808 2156 biennes
1841 2141 1864 2172 ,
1954 2114 1957 2118 ’

261 2182 318 2237 &
365 2180 428 2242 O
459 2201 677 2239 annuas
703 2177 856 2237 sueto
884 2196 1043 2233 more
1062 2178 1308 2236 denotat.

345 2345 488 2404 Vale
517 2343 581 2401 B.
609 2348 674 2405 L.
700 2343 755 2398 &
794 2337 1021 2420 reliquas
1067 2342 1236 2402 etiam
1267 2361 1444 2422 partes
1469 2345 1666 2408 eodem
1696 2343 1867 2403 modo

266 2429 566 2489 elaboratas
605 2423 698 2482 suo
722 2441 975 2501 tempore
1017 2425 1271 2501 exspech.
1328 2433 1643 2508 Deproper,
1692 2429 1872 2486 Fran..

264 2512 462 2572 cofurti
486 2509 553 2567 ad
581 2511 831 2566 Moenum
855 2553 870 2580 ‚
895 2508 952 2564 in
985 2509 1176 2568 aedibus
1208 2513 1253 2568 F
1258 2513 1567 2573 undationis
1592 2511 1870 2575 Senkem..

267 2596 535 2676 bergianae
563 2637 583 2669 ,
636 2591 725 2650 die
774 2615 848 2670 14
886 2591 1226 2671 Septembris
1272 2598 1442 2678 1778.
