2043 3562
165 227 168 231 '
231 215 345 286 'axviij
524 210 909 268 REGNUM
971 212 1565 277 VEGETABILE.

358 285 721 336 MEDULLAM
747 285 1257 352 concipiossfasciculum
1290 306 1316 337 e
1350 285 1480 338 fibris
1506 291 1713 343 Nerveis
1735 291 1842 344 iso-⁴

415 353 568 402 celem
604 353 913 402 formantibus
938 388 954 410 ,
983 354 1033 401 in
1068 369 1158 417 qua
1180 356 1254 403 vis
1279 356 1438 405 vitaiis
1463 357 1638 422 pellens
1672 363 1845 427 rumpit

417 423 619 470 extimos
644 436 821 468 nervos
843 455 860 478 ‚
882 420 990 469 hinc
1027 420 1331 487 divergentes
1351 460 1367 485 ,
1389 439 1691 487 penetrantes
1716 445 1838 477 cor·-

422 489 573 537 ticem
613 489 868 536 etiamnum
909 486 1301 553 subgelatinosum
1324 525 1339 551 ,
1370 489 1446 537 ubi
1490 490 1537 541 hi
1580 497 1718 543 nervi
1743 513 1842 545 me-

426 555 627 604 dullares
665 556 798 620 apice
838 551 1045 602 similiter
1086 555 1458 622 multiplicantur
1496 560 1546 607 in
1568 559 1840 614 Ger'nmam.

416 623 467 670 A
505 616 696 671 diffe&o
719 659 735 684 ‚
789 639 870 687 per
917 620 1042 669 hunc
1082 638 1283 671 nervum
1305 657 1323 682 ,
1360 625 1465 674 vase
1494 626 1840 690 adscendente;

213 702 228 733 κ
413 688 720 754 inpeditoque
755 688 911 737 subtus
953 688 1166 737 adscensu
1206 689 1418 740 humoris
1454 692 1660 760 propulfi
1677 732 1695 758 ‚
1752 713 1842 747 ex-

413 756 616 805 tenditur
644 755 868 805 corticale
901 754 951 803 in
977 752 1185 803 Folium.
1849 810 1852 812 ,

342 824 594 875 ‘FOLIUM
623 822 717 871 hoc
737 860 753 885 ,
774 821 901 887 quod
926 838 1167 871 exercetur
1188 824 1349 874 volatu
1370 841 1624 876 ventorum
1646 863 1664 890 ‚
1688 840 1840 876 attra-

425 890 495 939 hit
517 905 837 956 praeparatque
865 890 1103 955 (exceptis
1129 889 1484 941 Parasiticorum
1509 928 1525 953 ‚
1548 909 1683 944 antea
1707 911 1840 960 prae-

407 960 707 1023 paratorum)
742 956 964 1017 hum-ores
988 991 1004 1015 ‚
1047 955 1223 1022 pagina
1243 958 1478 1025 superiore
1503 977 1529 1007 a
1566 961 1670 1021 luce
1692 962 1832 1010 eiec-

406 1027 580 1073 tticum
617 1024 813 1090 inspirat
836 1061 852 1086 ‚
871 1025 1057 1089 ‘pagina
1081 1023 1301 1075 inferiore
1326 1027 1537 1076 roridum
1572 1025 1828 1094 Perspirat,

344 1152 353 1156 γ’
410 1109 436 1140 a
458 1094 560 1142 casu
586 1108 826 1157 nunquam
850 1091 1205 1142 renasciturum.

337 1159 771 1209 DECLARATUR
796 1175 912 1207 vero
935 1160 1089 1206 Larva
1110 1157 1266 1206 herbae
1291 1193 1307 1218 ‚
1332 1156 1409 1205 ubi
1434 1159 1665 1209 Medullae
1684 1159 1834 1227 major

398 1225 638 1293 propulfio
660 1265 678 1291 ‚
713 1243 854 1292 quam
887 1224 1167 1274 includentis
1193 1225 1430 1290 Corporei
1452 1230 1657 1277 retentio
1680 1263 1695 1286 ‚
1729 1245 1830 1294 quo

409 1296 613 1359 aperitur
657 1292 903 1344 substantia
958 1290 1162 1341 corticis
1205 1294 1251 1341 in
1301 1291 1528 1358 Calycem
1550 1329 1568 1354 ,
1611 1289 1743 1344 Libri
1783 1298 1833 1346 in

408 1362 667 1411 Corollam
686 1397 702 1422 ‚
730 1359 863 1422 Ligni
884 1362 930 1408 in
978 1360 1183 1408 Stamina
1206 1396 1222 1420 ‚
1261 1357 1497 1409 Medulla·
1535 1362 1582 1408 in
1602 1360 1788 1412 Pistilla
1813 1398 1833 1423 ,

408 1431 697 1478 terminante
738 1427 1096 1494 vegetationem
1135 1444 1263 1478 nova
1308 1427 1406 1475 vita
1428 1461 1446 1488 ,
1487 1426 1697 1478 colleciis
1739 1427 1830 1479 filis

413 1496 460 1544 in
487 1498 652 1545 ultima
674 1493 901 1545 Medullae
927 1493 1131 1543 Semina.

204 1579 283 1634 24.
307 1561 670 1614 PROLEPSIS
711 1561 816 1611 sistit
852 1559 1301 1627 Metamorphoseos
1338 1560 1610 1609 Plantarum
1648 1560 1825 1628 myste-

402 1634 524 1680 rium
551 1666 567 1690 ‚
605 1644 704 1696 quo
739 1628 924 1678 Herbae
960 1627 1120 1676 Larva
1161 1645 1362 1678 mutetur
1418 1630 1466 1675 in
1507 1626 1827 1679 Declaratam

415 1696 882 1757 Fruffificationem3
945 1694 1121 1745 Plantae
1161 1697 1284 1745 enim
1339 1692 1403 1743 est
1444 1694 1705 1759 producere
1745 1699 1823 1750 vel

411 1762 617 1815 Herbam
637 1765 847 1815 foliosam
870 1800 887 1826 ‚
914 1763 992 1811 vel
1009 1765 1149 1812 etiam
1183 1759 1618 1826 Fruc‘t'ificationem.
1776 1814 1777 1818 Ἰ

330 1835 582 1886 FOLIUM
626 1835 883 1900 genuinum
921 1830 1097 1895 semper
1133 1833 1181 1879 in
1204 1828 1299 1880 finu
1335 1829 1474 1879 fovet
1496 1829 1635 1878 Rami
1657 1830 1822 1881 multi-

397 1901 613 1968 plicantis
647 1902 957 1966 principium,
994 1895 1090 1947 sive
1125 1897 1234 1947 aeta
1255 1934 1272 1956 ,
1306 1894 1399 1948 five
1436 1900 1646 1963 potentia
1686 1899 1818 1962 tale5

406 1986 608 2035 cumque
648 1969 839 2018 Folium
884 1963 935 2013 fit
974 1981 1135 2014 natum
1171 1965 1236 2013 ob
1293 1963 1433 2031 hujus
1472 1961 1703 2024 caussam,
1727 1982 1816 2016 nec

394 2036 631 2093 viciffim‚
674 2037 835 2102 nequit
886 2034 1080 2083 existere
1121 2033 1309 2083 Folium
1332 2069 1349 2094 ‚
1383 2028 1463 2080 nist
1503 2030 1596 2080 hoc
1628 2035 1811 2097 princi-

400 2107 531 2170 pium
553 2104 874 2169 perforaverat
895 2115 1027 2149 antea
1049 2102 1273 2150 corticem
1292 2137 1310 2160 ‚
1345 2117 1372 2150 e
1410 2115 1505 2164 quo
1527 2114 1689 2150 ortum·
1709 2099 1775 2152 est

409 2173 520 2221 licet
543 2171 738 2221 effeetus
762 2186 867 2219 ante
889 2170 1011 2218 suam
1034 2165 1230 2216 cauffam
1262 2164 1548 2217 manifestus.

330 2241 567 2292 {GEMMA
600 2240 810 2306 genuina
838 2236 903 2287 est
952 2235 1100 2283 Ramt'
1143 2235 1283 2284 futuri
1334 2232 1700 2301 compendium,
1748 2235 1799 2284 ita

394 2317 536 2373 quem
579 2308 766 2366 demum
810 2302 1129 2370 explicabitur.
1165 2305 1366 2353 Gemma
1406 2303 1585 2368 semper
1623 2300 1807 2351 constat

391 2375 662 2441 Squamis3
685 2373 885 2423 totidem
916 2371 1163 2419 Foliorum
1205 2369 1472 2418 rudimentis
1495 2403 1513 2428 ‚
1548 2368 1808 2418 etiamnum

376 2444 450 2506 (a
488 2443 647 2491 futuro
690 2439 870 2490 ramulo
930 2440 1143 2486 nondum
1187 2439 1451 2504 elon-gato)
1496 2437 1808 2501 approxima..

386 2511 465 2560 tis.
506 2508 719 2574 Cumque
753 2507 886 2556 Folia
924 2502 1020 2553 fine*
1060 2506 1259 2554 Gemma
1299 2503 1489 2554 existere
1534 2518 1811 2568 nequeant,

393 2575 571 2626 neceffe
591 2577 654 2626 est
691 2576 819 2641 quod
843 2573 1042 2621 Gemma
1079 2572 1217 2621 lateat
1240 2571 1287 2620 in
1323 2569 1417 2619 sinu
1439 2568 1805 2635 cujusvis'squa-

391 2661 485 2694 mae
519 2660 803 2710 gemmaceae
831 2638 1136 2689 confirmante
1187 2636 1391 2705 autopfia
1415 2674 1431 2698 ,
1476 2637 1686 2702 adeoque
1717 2655 1805 2686 ne-

398 2715 500 2775 quit
525 2715 675 2760 omnis
717 2712 916 2760 Gemma
940 2708 1067 2756 aliud
1091 2704 1178 2756 effe
1200 2745 1217 2768 ,
1261 2724 1401 2772 quam
1424 2720 1594 2768 corpus
1627 2721 1651 2751 a
1675 2703 1802 2752 foliis

394 2780 450 2829 ὃ(
511 2779 755 2844 gemmulis
810 2773 1140 2839 compositum.
1200 2774 1415 2838 Sequitur
1456 2774 1613 2834 itaque
1659 2771 1791 2836 quod

390 2848 543 2894 omnis
586 2849 787 2895 Gemma
839 2841 1016 2891 constet
1067 2840 1213 2888 Foliis
1255 2857 1360 2889 cum
1401 2840 1486 2888 suis
1529 2837 1796 2886 Gemmulis

402 2914 455 2963 ὃ(
498 2911 569 2963 hae
610 2911 875 2961 Gemmulae
915 2906 1120 2958 similiter
1149 2924 1204 2957 ex
1246 2907 1502 2957 minoribus
1524 2905 1719 2970 squamis
1746 2907 1802 2955 δί

401 2982 652 3046 gemmulis
680 3014 695 3037 ‚
742 2982 791 3028 ὃς
823 2977 881 3025 fic
921 2993 1063 3041 porro
1104 2978 1242 3039 usque
1279 2977 1325 3022 in
1364 2973 1577 3038 quintam
1612 2985 1795 3037 proge-

396 3051 522 3097 niem
542 3048 616 3109 (ut
636 3047 683 3095 in
721 3045 968 3103 Volvoce)
995 3080 1009 3103 ,
1037 3059 1120 3092 nec
1157 3042 1310 3099 ultra,
1347 3037 1652 3089 confirmante
1689 3055 1797 3086 me-

387 3112 687 3183 tamorphofi.
716 3115 857 3182 vErgo
908 3111 1089 3161 Ramus
1130 3108 1320 3161 foliosus
1368 3106 1606 3175 praesentis
1652 3107 1794 3174 anni,
